@article{albareda2000,
  title={The stochastic generalised assignment problem with {B}ernoulli demands},
  author={Albareda-Sambola, Maria and Fern{\'a}ndez, Elena},
  journal={Top},
  volume={8},
  number={2},
  pages={165--190},
  year={2000},
  publisher={Springer}
}


@ARTICLE{PAULS14,
 author = "K. G. J. Pauls-Worm and E. M. T. Hendrix and R. Haijema  and J. G. A. J. van der Vorst",
 title = "Inventory control for a perishable product",
 journal = "International Journal of Production Economics",
 year = "2014",
 volume="157",
  pages="133--146",
  PUBLISHER = "Springer"
}

@article{Bakker12,
title = "Review of inventory systems with deterioration since 2001 ",
journal = "European Journal of Operational Research ",
volume = "221",
number = "2",
pages = "275 - 284",
year = "2012",
note = "",
issn = "0377-2217",
author = "Monique Bakker and Jan Riezebos and Ruud H. Teunter",
keywords = "Inventory control",
keywords = "Deteriorating items",
keywords = "Perishability",
keywords = "Shelf life",
keywords = "Decay",
keywords = "Review "
}


@ARTICLE{Dijk12,
  author = {Diana van Dijk and Eligius M. T. Hendrix and Rene Haijema and Rolf Groeneveld and Ekko van Ierland},
  title = {On solving a bio-economic SDP model for analysing fishery policies},
  journal = {Journal of Economic Dynamics and Control},
  year = {2012},
}

@ARTICLE{HaijemaVanderWal08,
AUTHOR = {R. Haijema and J. van der Wal},
TITLE = {{An MDP decomposition approach for traffic control at isolated signalized intersections}},
JOURNAL = {Probability in the Engineering and Informational Sciences},
YEAR = {2008},
volume = {22},
number = {4},
pages = {587-602},
month = {},
note = {},
abstract = {},
keywords = {},
source = {doi:10.1017/S0269964808000351},
}

@ARTICLE{HaijemaEtal07,
  AUTHOR =       {R. Haijema and J. van der Wal and N. M. van Dijk},
  TITLE =        {Blood platelet production: Optimization by dynamic programming and simulation},
  JOURNAL =      {Computers and Operations Research},
  YEAR =         {2007},
  volume =       {34},
  number =       {3},
  pages =        {760-779},
  month =        {March},
  note =         {doi:10.1016/j.cor.2005.03.023},
  abstract =     {},
  keywords =     {},
  source =       {},
}

@ARTICLE{HaijemaEtal09,
  AUTHOR =       {R. Haijema and N. M. van Dijk and J. van der Wal and C. {Smit Sibinga} },
  TITLE =        {Blood Platelet Production with Breaks: {O}ptimization by {SDP} and {S}imulation},
  JOURNAL =      {International Journal of Production Economics},
  YEAR =         {2009},
  volume =       {121},
  number =       {},
  pages =        {467-473},
  month =        {},
  note =         {doi:10.1016/j.ijpe.2006.11026},
  abstract =     {},
  keywords =     {},
  source =       {submitted in April 2006, accepted November 2006, online publication in Feb 2007},
}
@article{hedjar2004,
  title={Predictive control of periodic-review production inventory systems with deteriorating items},
  author={Hedjar, R and Bounkhel, M and Tadj, L},
  journal={Top},
  volume={12},
  number={1},
  pages={193--208},
  year={2004},
  publisher={Springer}
}



@ARTICLE(HEND01b,
author = "E.M.T. Hendrix and P.M. Ortigosa and I. Garc\'ia",
title = "{On success rates for controlled random search}",
journal = "Journal of Global Optimization",
 year = "2001",
 volume = "21",
 pages = "385-398",
 ISSN = "0925-5001",
 PUBLISHER = "Springer",
  quality= "JCR = 0.441",
  subject_categories = "Operations Research \& Management Science: 21/53;
  Mathematics, Applied: 91/158",
)

@ARTICLE(HEND02,
author = "J.K. Gigler and E.M.T. Hendrix and G. Meerdink",
title = "On optimisation of agri chains by dynamic programming",
journal = "European Journal of Operational Research",
volume = "139",
pages = "613-625",
year = "2002",
ISSN = "0377-2217",
PUBLISHER = "Elsevier",
)

@ARTICLE(HEND08,
 author = "E. M. T. Hendrix and N. J. Olieman",
 title = "The Smoothed {M}onte {C}arlo Method in Robustness Optimisation",
 journal = "Optimization Methods and Software",
 year = "2008",
 volume = "23",
 pages = "717-729"
)


@ARTICLE{MinnerTranschel10,
  AUTHOR =       {S. Minner and S. Transchel},
  TITLE =        {Periodic review inventory-control for perishable products under service-level constraints },
  JOURNAL =      {OR Spectrum},
  YEAR =         {2010},
  volume =       {32},
  number =       {4},
  pages =        {979-996},
  month =        {},
  note =         {DOI: 10.1007/s00291-010-0196-1},
  abstract =     {},
  keywords =     {},
  source =       {},
}

@ARTICLE{Nahmias82,
  AUTHOR =       {S. Nahmias},
  TITLE =        {Perishable Inventory Theory: A Review},
  JOURNAL =      {Operations Research},
  YEAR =         {1982},
  volume =       {30},
  number =       {},
  pages =        {680-708},
  month =        {},
  note =         {},
  abstract =     {},
  keywords =     {},
  source =       {},
}
@article{parpas2009,
  title={Global optimization of robust chance constrained problems},
  author={Parpas, P. and Rustem, B. and Pistikopoulos, E.N.},
  journal={Journal of Global Optimization},
  volume={43},
  number={2},
  pages={231--247},
  year={2009},
  publisher={Springer}
}


@ARTICLE{PAULS14,
 author = "K. G. J. Pauls-Worm and E. M. T. Hendrix and R. Haijema  and J. G. A. J. van der Vorst",
 title = "Inventory control for a perishable product",
 journal = "International Journal of Production Economics",
 year = "2014",
 volume="157",
  pages="133--146",
  PUBLISHER = "Springer"
}

@ARTICLE{PAULS13,
 author = "K. G. J. Pauls-Worm and E. M. T. Hendrix and R. Haijema  and J. G. A. J. van der Vorst",
 title = " Inventory control for a perishable product with non-stationary demand and service level constraints",
 journal = "Working paper Optimization Online, www.optimization-online.org{/}DB\_FILE{/}2013{/}08{/}4010.pdf",
 year = "2013",
 PUBLISHER = "Springer"
}

@ARTICLE(ROEB09,
author = "P. Roebeling and E.M.T. Hendrix and M. van Grieken",
title = "Exploring industry specific social welfare maximizing rates of water pollution abatement in linked terrestrial and marine ecosystems",
journal = "Journal of Coastal Research",
year = "2009",
 volume = "2",
 pages = "1681-1685",
 ISSN = "0749-0208",
)

@ARTICLE(ROEB10,
author = "P. Roebeling and E.M.T. Hendrix",
title = "Land speculation and interest rate subsidies as a cause of deforestation: The role of cattle ranching in {Costa Rica}",
journal = "Land Use Policy",
year = "2010",
 volume = "27",
 pages = "489-496",
 ISSN = "0264-8377",
)

@ARTICLE(Rossi08,
author = "R. Rossi and S.A. Tarim and B. Hnich and S. Prestwich",
title = "A Global Chance-Constraint for Stochastic Inventory Systems under Service Level Constraints", 
journal = "Operations Research",
year = "2008",
 volume = "13",
 pages = "490-517",
)

@ARTICLE(Rossi14,
  author = "Roberto Rossi and S. Armagan Tarim and Steven Prestwich and Brahim Hnich",
  title = "Piecewise linear lower and upper bounds for the standard normal first order loss function",
  year     = "2014",
  volume   = "231",
  pages    = "489-502",
  journal  = "Applied Mathematics and Computation",
)

@article{sanjose2009,
  title={An economic order quantity model with partial backlogging under general backorder cost function},
  author={San-Jos{\'e}, LA and Garc{\'\i}a-Laguna, Juan and Sicilia, J},
  journal={Top},
  volume={17},
  number={2},
  pages={366--384},
  year={2009},
  publisher={Springer}
}

@article{Tekin01,
author = {Eylem Tekin and \"Ulk\"u G\"urler and Emre Berk},
title = "Age-based vs. stock level control policies for perishable inventory systems",
journal = "European Journal of Operational Research ",
volume = "124",
pages = "309 - 329",
year = "2001",
note = "",
issn = "0377-2217"
}

@article{kurawarwala96,
author = {Kurawarwala AA, Matsuo H.},
title = "Forecasting and inventory management of short life-cycle products",
journal = "Operations Research ",
volume = "44",
pages = "131-150",
year = "1996",
note = "",
}

@article{DeSchrijver20121375,
title = "Double precision rational approximation algorithm for the inverse standard normal first order loss function ",
journal = "Applied Mathematics and Computation ",
volume = "219",
number = "3",
pages = "1375 - 1382",
year = "2012",
note = "",
issn = "0096-3003",
author = "Steven K. De Schrijver and El-Houssaine Aghezzaf and Hendrik Vanmaele",
keywords = "Normal distribution",
keywords = "Repeated integrals",
keywords = "Normal integral",
keywords = "Inventory system",
keywords = "Rational approximation",
keywords = "Loss function "
}




    @article{Shore1982,
     jstor_articletype = {research-article},
     title = {Simple Approximations for the Inverse Cumulative Function, the Density Function and the Loss Integral of the Normal Distribution},
     author = {Shore, Haim},
     journal = {Journal of the Royal Statistical Society. Series C (Applied Statistics)},
     jstor_issuetitle = {},
     volume = {31},
     number = {2},
     jstor_formatteddate = {1982},
     pages = {pp. 108-114},
     ISSN = {00359254},
     language = {English},
     year = {1982},
     publisher = {Wiley for the Royal Statistical Society},
     copyright = {Copyright Â© 1982 Royal Statistical Society},
    }


@article{Waissi199691,
title = "A sigmoid approximation of the standard normal integral ",
journal = "Applied Mathematics and Computation ",
volume = "77",
number = "1",
pages = "91 - 95",
year = "1996",
note = "",
issn = "0096-3003",
author = "Gary R. Waissi and Donald F. Rossin"
}

%-------------------------------------------
@BOOK{ander76,
  title = {Agricultural Decision Analysis},
  publisher = {Iowa State University Press},
  year = {1976},
  author = {Jock R. Anderson and J. R. Dillon and J. B. Hardaker},
  address = {Ames, Iowa},
}

@BOOK{Bellman57,
  AUTHOR =       {R. Bellman},
  editor =       {},
  TITLE =        {Dynamic Programming},
  PUBLISHER =    {Princeton {U}niversity {P}ress},
  YEAR =         {1957},
  volume =       {},
  number =       {},
  series =       {},
  address =      {},
  edition =      {},
  month =        {},
  note =         {},
  abstract =     {},
  isbn =         {},
  price =        {},
  keywords =     {},
  source =       {},
}
@BOOK{Birge97,
      AUTHOR = "Birge, J.R. and Louveaux, F.",
      TITLE  = "Introduction to Stochastic Programming",
      PUBLISHER = {Springer},
      ADDRESS = {New York},
      YEAR = 1997 }


@BOOK(HENTO10,
 author = "Eligius M. T. Hendrix and B. G. Toth",
 title = "Introduction to Nonlinear and Global Optimization",
  publisher = "Springer",
 year = "2010",
address = "New York"
)

@BOOK{Howard60,
  AUTHOR =       {R. A. Howard},
  editor =       {},
  TITLE =        {Dynamic Programming and Markov Processes},
  PUBLISHER =    {{MIT} Press, Cambridge University},
  YEAR =         {1960},
  volume =       {},
  number =       {},
  series =       {},
  address =      {},
  edition =      {},
  month =        {},
  note =         {},
  abstract =     {},
  isbn =         {},
  price =        {},
  keywords =     {},
  source =       {},
}

@BOOK(OLIE08,
 author = "Niels J. Olieman",
 title = "Methods for Robustness Programming",
  publisher = "Wageningen University",
 year = "2008",
 address = "Wageningen, http://www.library.wur.nl/wda/dissertations/dis4405.pdf"
)

@BOOK{Puterman94,
  AUTHOR =       {M. L. Puterman},
  editor =       {},
  TITLE =        {Markov decision processes: Discrete Stochastic Dynamic Programming},
  PUBLISHER =    {Wiley Series in Probability and Mathematical Statistics},
  YEAR =         {1994},
  volume =       {},
  number =       {},
  series =       {},
  address =      {},
  edition =      {},
  month =        {},
  note =         {},
  abstract =     {},
  isbn =         {},
  price =        {},
  keywords =     {},
  source =       {},
}

@BOOK{Silver98,
  AUTHOR =       {E. A. Silver and D. F. Pyke and R. Peterson},
  editor =       {},
  TITLE =        {Inventory Management and Production Planning and Scheduling},
  PUBLISHER =    {Wiley},
  YEAR =         {1998},
  volume =       {},
  number =       {},
  series =       {},
  address =      {},
  edition =      {},
  month =        {},
  note =         {},
  abstract =     {},
  isbn =         {},
  price =        {},
  keywords =     {},
  source =       {},
}



@INBOOK{KaraesmenEtal11,
  AUTHOR =       {I. Karaesmen and A. Scheller-Wolf and B. Deniz},
  editor =       {K. Kempf and P. Keskinocak and P. Uzsoy},
  TITLE =        {Planning Production and Inventories in the Extended Enterprise},
  CHAPTER =      {15. Managing Perishable and Aging Inventories: Review and Future Research Directions},
  pages =        {393-436},
  PUBLISHER =    {Springer},
  YEAR =         {2011},
  volume =       {151},
  number =       {},
  series =       {International Series in Operations Research \& Management Science},
  type =         {},
  address =      {},
  edition =      {},
  month =        {},
  note =         {},
  abstract =     {},
  keywords =     {},
}


@INPROCEEDINGS{BlakeEtal03,
  AUTHOR =       {J. T. Blake and S. Thompson and S. Smith and D. Anderson and R. Arellano and D. Bernard},
  TITLE =        {Using dynamic programming to Optimize the Platelet Supply Chain in Nova Scotia},
  BOOKTITLE =    {Proceedings of the 29th Meeting of the European Working Group on Operational Research Applied to Health Services},
  YEAR =         {2003},
  editor =       {M. Dlouh\'{y}. Prague, Czech Republic: ORAHS},
  volume =       {},
  number =       {},
  series =       {},
  pages =        {47-65},
  address =      {},
  month =        {},
  organization = {},
  publisher =    {},
  note =         {},
  abstract =     {},
  keywords =     {},
}

@INPROCEEDINGS(HenLNCS12,
 author = "E.M.T. Hendrix and R. Haijema  and R. Rossi and K. G. J. Pauls-Worm",
 title = "On solving a stochastic programming model for perishable inventory control",
publisher =    {Springer},
 series =       {Lecture Notes in Computer Science},
volume =       {7335},
 booktitle = "Proceedings of ICCSA 2012",
 year = "2012",
 address = "Heidelberg",
 editor = "B. Murgante",
pages =        {47-65},
 
)




@MASTERSTHESIS{BARD95,
    author = "M. Bardoel",
    year = "1995",
    title = "Ontwerp van een pompsysteem voor de {A}mstelveense {P}oel",
    school = "Wageningen University",
    address = "Wageningen"
}

@MASTERSTHESIS{Zitzler99,
    author = "E. Zitzler",
    year = "1999",
    title = "Evolutionary Algorithms for Multiobjective Optimization:Methods and Applications",
    type = "ISBN 3-8265-6831-1",
    school = "Swiss Federal Institute of Technology (ETH) Zurich",
    address = "Shaker Verlag, Germany"
}




@TECHREPORT(Vlajic08,
  author = "Jelena V. Vlajic and Jack G. A. J. van der Vorst and Eligius M. T. Hendrix",
  title = "Food supply chain network robustness - A literature review and research agenda",
  institution = "Wageningen LDI",
  year = "2008",
  volume = "",
)



