@article{Miranda29052016,
author = {S. Miranda and J. Feldt and F. Pratas  and R. A. Mata and N. Roma and P. Tom\'as}, 
title = {Efficient parallelization of perturbative Monte Carlo {QM}/{MM} simulations in heterogeneous platforms},
year = {2016}, 
pages = {1-13},
doi = {10.1177/1094342016649420}, 
journal = {Int J High Perform C} 
}

@inproceedings{Hung:2016,
 author = {Hung, Shih-Hao and Tsai, Min-Yu and Huang, Bo-Yi and Tu, Chia-Heng},
 title = {A {P}latform-{O}blivious {A}pproach for {H}eterogeneous {C}omputing: {A} {C}ase {S}tudy with {M}onte {C}arlo-based {S}imulation for {M}edical {A}pplications},
 booktitle = {Proceedings of 2016 FPGA},
 year = {2016},
 isbn = {978-1-4503-3856-1},
 location = {Monterey, California, USA},
 pages = {42--47},
 numpages = {6},
 acmid = {2847335},
 publisher = {ACM},
 address = {New York, NY, USA}
} 

@article{Fang:09, 
author = {Qianqian Fang and David A. Boas}, 
journal = {Opt. Express}, 
keywords = {Light propagation in tissues; Photon migration; Turbid media},
number = {22}, 
pages = {20178--20190}, 
publisher = {OSA},
title = {Monte Carlo {S}imulation of {P}hoton {M}igration in 3D Turbid Media Accelerated by Graphics Processing Units}, 
volume = {17}, 
year = {2009},
doi = {10.1364/OE.17.020178}
}


@inproceedings{Gini1,
 author = {Feitelson, Dror G.},
 title = {Workload Modeling for Performance Evaluation},
 booktitle = {Performance Evaluation of Complex Systems: Techniques and Tools, Performance 2002, Tutorial Lectures},
 year = {2002},
 isbn = {3-540-44252-9},
 pages = {114--141},
 numpages = {28},
 acmid = {725164},
 publisher = {Springer-Verlag},
 address = {London, UK, UK},
} 
@Article{Tabik2013,
author="Tabik, S.
and Villegas, A.
and Zapata, E. L.
and Romero, L. F.",
title={Optimal tilt and orientation maps: a multi-algorithm approach for heterogeneous multicore-{GPU} systems},
journal="J Supercomput",
year="2013",
volume="66",
number="1",
pages="135--147",
abstract="This paper presents a new Geographic Information Systems (GIS) tool to compute the optimal solar-panel positioning maps on large high-resolution Digital Elevation Models (DEMs). In particular, this software finds out (1) the maximum solar energy input that can be captured on a surface located at a specific height on each point of the DEM, and then (2) the optimal tilt and orientation that allow capturing this amount of energy. The radiation and horizon algorithms we developed in previous works were used as baseline for this tool (Romero et al. in Comput. Phys. Commun. 178(11):800--808, 2008; Tabik et al. in Int. J. Geogr. Inf. Sci. 25(4):541--555, 2011). A multi-method approach is analyzed to make the hybrid implementation of this tool especially appropriate for heterogeneous multicore-GPU architectures. The experimental results show a high numerical accuracy with a linear scalability.",
issn="1573-0484"
}

@article{GloriaConcurrency,
	author = {G. Ortega and J. Lobera and I. Garc{\'i}a and M.P. Arroyo and  E.M. Garz\'on},
	title = {Parallel resolution of the 3{D} {H}elmholtz equation based on multi-graphics processing unit clusters},
	journal = {Concurr Comput},
	volume = {27},
	number = {13},
	issn = {1532-0634},
	pages = {3205--3219},
	year = {2015}
}


@ARTICLE{Gini0,
  author={Gini, Corrado},
  journal={Economics Journal}, 
 title={Measurement of inequality of incomes}, 
  year={2014},
  volume={31},
  pages={ 124--126}
}


@book{Cook:2012,
 author = {Cook, Shane},
 title = {CUDA Programming: A Developer's Guide to Parallel Computing with GPUs},
 year = {2013},
 isbn = {9780124159334, 9780124159884},
 edition = {1st},
 publisher = {Morgan Kaufmann Publishers Inc.},
 address = {San Francisco, CA, USA}
} 

@ARTICLE{Gini2,
  author={Zujie Ren and Jian Wan and Weisong Shi and Xianghua Xu and Min Zhou},
  journal={{IEEE T. Serv. Comput.}}, 
 title={{Workload Analysis, Implications, and Optimization on a Production Hadoop Cluster: A Case Study on Taobao}}, 
  year={2014},
  month={April},
  volume={7},
  number={2},
  pages={307-321},
  ISSN={1939-1374}
}

@incollection{Gini3,
year={2013},
isbn={978-3-642-40046-9},
booktitle={Euro-Par 2013},
volume={8097},
series={LNCS},
editor={Wolf, Felix and Mohr, Bernd and an Mey, Dieter},
title={{Scheduling HPC Workflows for Responsiveness and Fairness with Networking Delays and Inaccurate Estimates of Execution Times}},
publisher={Springer Berlin Heidelberg},
author={Burkimsher, Andrew and Bate, Iain and Indrusiak, LeandroSoares},
pages={126-137},
language={English}
}

@article{Gutierrez-Alcoba16,
author = {Alejandro Gutierrez-Alcoba and Roberto Rossi and Belen Martin-Barragan and E. M. T. Hendrix},
title = {A simple heuristic for perishable item inventory control under non-stationary stochastic demand},
journal = {Int. J. Prod. Res.},
pages = {1-13},
year = {2016},
doi= {10.1080/00207543.2016.1193248}
}


@INPROCEEDINGS(AlICCSA15,
 author = "Alejandro Gutierrez-Alcoba and E. M. T. Hendrix and I. Garc\'ia and G. Ortega and K. G. J. Pauls-Worm and R. Haijema",
 title = "On computing order quantities for perishable inventory control with non-stationary demand",
publisher =    {Springer},
 series =       {LNCS},
volume =       {9156},
 booktitle = "ICCSA 2015, Part II",
 year = "2015",
 address = "Cham",
 editor = "Osvaldo Gervasi and et al.",
pages =        {429-444}
)



@BOOK{   Hennessy12,
    AUTHOR=   "J. L. Hennessy and D. A. Patterson",
    TITLE=    "Computer Architecture: A Quantitative Approach",
    PUBLISHER="Morgan Kaufmann",
    YEAR=     "2011"
}

@book{MPI,
 author = {Snir, M. and Otto, S. and Huss-Lederman, S. and Walker, D. and Dongarra, J.},
 title = {MPI-The Complete Reference, Volume 1: The MPI Core},
 year = {1998},
 isbn = {0262692155},
 publisher = {{MIT} Press},
 address = {Cambridge, MA, USA},
}

@book{pthreads,
  author = {Butenhof, D.R.},
  dewey = {005.27},
  ean = {9780201633924},
  publisher = {Addison-Wesley},
  series = {Professional Computing Series},
  timestamp = {2008-09-12T11:07:57.000+0200},
  title = {Programming with POSIX Threads},
   year = 1997
}

@article{kurawarwala96bis,
author = {Kurawarwala AA, M. H.},
title = "Forecasting and inventory management of short life-cycle products",
journal = "Oper. Res. ",
volume = "44",
pages = "131-150",
year = "1996",
note = "",
}



@ARTICLE(Rossi14,
  author = "R. Rossi and S. Armagan Tarim and S. Prestwich and B. Hnich",
  title = "Piecewise linear lower and upper bounds for the standard normal first order loss function",
  year     = "2014",
  volume   = "231",
  pages    = "489-502",
  journal  = "Appl. Math. Comput."
)

@article{sanjose2009,
  title={An economic order quantity model with partial backlogging under general backorder cost function},
  author={San-Jos{\'e}, LA and Garc{\'\i}a-Laguna, Juan and Sicilia, J},
  journal={Top},
  volume={17},
  number={2},
  pages={366--384},
  year={2009},
  publisher={Springer}
}

@article{Waissi199691,
title = "A sigmoid approximation of the standard normal integral ",
journal = "Appl. Math. Comput. ",
volume = "77",
number = "1",
pages = "91 - 95",
year = "1996",
note = "",
issn = "0096-3003",
author = "G. R. Waissi and D. F. Rossin"
}

@article{DeSchrijver20121375,
title = "Double precision rational approximation algorithm for the inverse standard normal first order loss function ",
journal = "Appl. Math.  Comput. ",
volume = "219",
number = "3",
pages = "1375 - 1382",
year = "2012",
note = "",
issn = "0096-3003",
author = "S. K. De Schrijver and El-H. Aghezzaf and H. Vanmaele",
keywords = "Normal distribution",
keywords = "Repeated integrals",
keywords = "Normal integral",
keywords = "Inventory system",
keywords = "Rational approximation",
keywords = "Loss function "
}





@article{Lastovetsky12,
title = "Heterogeneity in parallel and distributed computing ",
journal = "J. Parallel Distrib. Comput.",
volume = "73",
number = "12",
pages = "1523 - 1524",
year = "2013",
issn = "0743-7315",
author = "Alexey Lastovetsky"
}


@book{Garey:1979:CIG:578533,
 author = {Garey, M. R. and Johnson, D. S.},
 title = {Computers and Intractability: A Guide to the Theory of NP-Completeness},
 year = {1979},
 isbn = {0716710447},
 publisher = {W. H. Freeman \& Co.},
 address = {New York, USA},
}

@article{Blum:2003:MCO:937503.937505,
 author = {Blum, C. and Roli, A.},
 title = {Metaheuristics in Combinatorial Optimization: Overview and Conceptual Comparison},
 journal = {ACM Comput. Surv.},
 issue_date = {September 2003},
 volume = {35},
 number = {3},
 month = sep,
 year = {2003},
 issn = {0360-0300},
 pages = {268--308},
 numpages = {41},
 acmid = {937505},
 publisher = {ACM},
 address = {New York, NY, USA}
}

@article{albareda2000,
  title={The stochastic generalised assignment problem with {B}ernoulli demands},
  author={Albareda-Sambola, Maria and Fern{\'a}ndez, Elena},
  journal={Top},
  volume={8},
  number={2},
  pages={165--190},
  year={2000},
  publisher={Springer}
}

@article{Bakker12,
title = "Review of inventory systems with deterioration since 2001 ",
journal = "European Journal of Operational Research ",
volume = "221",
number = "2",
pages = "275 - 284",
year = "2012",
note = "",
issn = "0377-2217",
author = "Monique Bakker and Jan Riezebos and Ruud H. Teunter",
keywords = "Inventory control",
keywords = "Deteriorating items",
keywords = "Perishability",
keywords = "Shelf life",
keywords = "Decay",
keywords = "Review "
}


@ARTICLE{Dijk12,
  author = {Diana van Dijk and Eligius M. T. Hendrix and Rene Haijema and Rolf Groeneveld and Ekko van Ierland},
  title = {On solving a bio-economic SDP model for analysing fishery policies},
  journal = {Journal of Economic Dynamics and Control},
  year = {2012},
}

@ARTICLE{HaijemaVanderWal08,
AUTHOR = {R. Haijema and J. van der Wal},
TITLE = {{An MDP decomposition approach for traffic control at isolated signalized intersections}},
JOURNAL = {Probability in the Engineering and Informational Sciences},
YEAR = {2008},
volume = {22},
number = {4},
pages = {587-602},
month = {},
note = {},
abstract = {},
keywords = {}
}

@ARTICLE{HaijemaEtal07,
  AUTHOR =       {R. Haijema and J. van der Wal and N. M. van Dijk},
  TITLE =        {Blood platelet production: Optimization by dynamic programming and simulation},
  JOURNAL =      {Computers and Operations Research},
  YEAR =         {2007},
  volume =       {34},
  number =       {3},
  pages =        {760-779},
  month =        {March},
  abstract =     {},
  keywords =     {},
  source =       {},
}

@ARTICLE{HaijemaEtal09,
  AUTHOR =       {R. Haijema and N. M. van Dijk and J. van der Wal and C. {Smit Sibinga} },
  TITLE =        {Blood Platelet Production with Breaks: {O}ptimization by {SDP} and {S}imulation},
  JOURNAL =      {International Journal of Production Economics},
  YEAR =         {2009},
  volume =       {121},
  number =       {},
  pages =        {467-473},
  month =        {},
  abstract =     {},
  keywords =     {},
  source =       {submitted in April 2006, accepted November 2006, online publication in Feb 2007},
}
@article{hedjar2004,
  title={Predictive control of periodic-review production inventory systems with deteriorating items},
  author={Hedjar, R and Bounkhel, M and Tadj, L},
  journal={Top},
  volume={12},
  number={1},
  pages={193--208},
  year={2004},
  publisher={Springer}
}



@ARTICLE(HEND01b,
author = "E.M.T. Hendrix and P.M. Ortigosa and I. Garc\'ia",
title = "{On success rates for controlled random search}",
journal = "Journal of Global Optimization",
 year = "2001",
 volume = "21",
 pages = "385-398",
 ISSN = "0925-5001",
 PUBLISHER = "Springer",
  quality= "JCR = 0.441",
  subject_categories = "Operations Research \& Management Science: 21/53;
  Mathematics, Applied: 91/158",
)

@ARTICLE(HEND02,
author = "J.K. Gigler and E.M.T. Hendrix and G. Meerdink",
title = "On optimisation of agri chains by dynamic programming",
journal = "European Journal of Operational Research",
volume = "139",
pages = "613-625",
year = "2002",
ISSN = "0377-2217",
PUBLISHER = "Elsevier",
)

@ARTICLE(HEND08,
 author = "E. M. T. Hendrix and N. J. Olieman",
 title = "The Smoothed {M}onte {C}arlo Method in Robustness Optimisation",
 journal = "Optimization Methods and Software",
 year = "2008",
 volume = "23",
 pages = "717-729"
)


@ARTICLE{MinnerTranschel10,
  AUTHOR =       {S. Minner and S. Transchel},
  TITLE =        {Periodic review inventory-control for perishable products under service-level constraints },
  JOURNAL =      {OR Spectrum},
  YEAR =         {2010},
  volume =       {32},
  number =       {4},
  pages =        {979-996},
  month =        {},
  note =         {DOI: 10.1007/s00291-010-0196-1},
  abstract =     {},
  keywords =     {},
  source =       {},
}

@ARTICLE{Feng2016, 
author={L. Feng and J. Zhang and W. Tang}, 
journal={IEEE T Autom Sci Eng}, 
title={Optimal Inventory Control and Pricing of Perishable Items Without Shortages}, 
year={2016}, 
volume={13}, 
number={2}, 
pages={918-931},
ISSN={1545-5955}
}

@ARTICLE{Li2015,
author={Li, S. and Zhang, J. and Tang, W.},
title={Joint dynamic pricing and inventory control policy for a stochastic inventory system with perishable products},
journal={Int J Prod Res},
year={2015},
volume={53},
number={10},
pages={2937-2950}
}

@article{Laxmi2015,
title = "Perishable inventory system with service interruptions, retrial demands and negative customers ",
journal = "Appl Math Comput",
volume = "262",
number = "",
pages = "102 - 110",
year = "2015",
note = "",
issn = "0096-3003",
author = {P. Vijaya Laxmi and M.L. Soujanya}
}


@ARTICLE{Nahmias82,
  AUTHOR =       {S. Nahmias},
  TITLE =        {Perishable Inventory Theory: A Review},
  JOURNAL =      {Operations Research},
  YEAR =         {1982},
  volume =       {30},
  number =       {},
  pages =        {680-708},
  month =        {},
  note =         {},
  abstract =     {},
  keywords =     {},
  source =       {},
}
@article{parpas2009,
  title={Global optimization of robust chance constrained problems},
  author={Parpas, P. and Rustem, B. and Pistikopoulos, E.N.},
  journal={Journal of Global Optimization},
  volume={43},
  number={2},
  pages={231--247},
  year={2009},
  publisher={Springer}
}

@ARTICLE{PAULS15,
 author = {K. G. J. Pauls-Worm and E. M. T. Hendrix and A. Gutierrez-Alcoba and R. Haijema },
 title =  {Order quantities for perishable inventory control with non-stationary demand and a fill rate constraint},
 journal =  {Int J Prod Econ},
 year =  {2015},
 publisher =  {Springer},
note = "",
pages={1-9},
issn = "0925-5273",
doi = {10.1016/j.ijpe.2015.10.009},
}

@ARTICLE{PAULS14,
 author = "K. G. J. Pauls-Worm and E. M. T. Hendrix and R. Haijema  and J. G. A. J. van der Vorst",
 title = "Inventory control for a perishable product",
 journal = "International Journal of Production Economics",
 year = "2014",
 volume="157",
  pages="133--146",
  PUBLISHER = "Springer"
}

@ARTICLE{PAULS13,
 author = "K. G. J. Pauls-Worm and E. M. T. Hendrix and R. Haijema  and J. G. A. J. van der Vorst",
 title = " Inventory control for a perishable product with non-stationary demand and service level constraints",
 journal = "Working paper Optimization Online, www.optimization-online.org{/}DB\_FILE{/}2013{/}08{/}4010.pdf",
 year = "2013",
 PUBLISHER = "Springer"
}

@ARTICLE(ROEB09,
author = "P. Roebeling and E.M.T. Hendrix and M. van Grieken",
title = "Exploring industry specific social welfare maximizing rates of water pollution abatement in linked terrestrial and marine ecosystems",
journal = "Journal of Coastal Research",
year = "2009",
 volume = "2",
 pages = "1681-1685",
 ISSN = "0749-0208",
)

@ARTICLE(ROEB10,
author = "P. Roebeling and E.M.T. Hendrix",
title = "Land speculation and interest rate subsidies as a cause of deforestation: The role of cattle ranching in {Costa Rica}",
journal = "Land Use Policy",
year = "2010",
 volume = "27",
 pages = "489-496",
 ISSN = "0264-8377",
)

@ARTICLE(Rossi08,
author = "R. Rossi and S.A. Tarim and B. Hnich and S. Prestwich",
title = "A Global Chance-Constraint for Stochastic Inventory Systems under Service Level Constraints",
journal = "Operations Research",
year = "2008",
 volume = "13",
 pages = "490-517",
)

@ARTICLE(Rossi14bis,
  author = "Roberto Rossi and S. Armagan Tarim and Steven Prestwich and Brahim Hnich",
  title = "Piecewise linear lower and upper bounds for the standard normal first order loss function",
  year     = "2014",
  volume   = "231",
  pages    = "489-502",
  journal  = "Appl. Math. Comput.",
)

@article{sanjose2009,
  title={An economic order quantity model with partial backlogging under general backorder cost function},
  author={San-Jos{\'e}, LA and Garc{\'\i}a-Laguna, Juan and Sicilia, J},
  journal={Top},
  volume={17},
  number={2},
  pages={366--384},
  year={2009},
  publisher={Springer}
}

@article{1921,
     jstor_articletype = {research-article},
     title = {Measurement of Inequality of Incomes},
     author = {Gini, Corrado},
     journal = {The Economic Journal},
     jstor_issuetitle = {},
     volume = {31},
     number = {121},
     jstor_formatteddate = {Mar., 1921},
     pages = {pp. 124-126},
     ISSN = {00130133},
     abstract = {},
     language = {English},
     year = {1921},
     publisher = {Wiley on behalf of the Royal Economic Society},
     copyright = {Copyright © 1921 Royal Economic Society},
 }
	
@article{Tekin01,
author = {Eylem Tekin and \"Ulk\"u G\"urler and Emre Berk},
title = "Age-based vs. stock level control policies for perishable inventory systems",
journal = "European Journal of Operational Research ",
volume = "124",
pages = "309 - 329",
year = "2001",
note = "",
issn = "0377-2217"
}

@article{kurawarwala96,
author = {A.A. Kurawarwala and H. Matsuo},
title = "Forecasting and inventory management of short life-cycle products",
journal = "Operations Research ",
volume = "44",
pages = "131-150",
year = "1996",
note = "",
}

@article{DeSchrijver20121375bis,
title = "Double precision rational approximation algorithm for the inverse standard normal first order loss function ",
journal = "Appl. Math. Comput. ",
volume = "219",
number = "3",
pages = "1375 - 1382",
year = "2012",
note = "",
issn = "0096-3003",
author = "Steven K. De Schrijver and El-Houssaine Aghezzaf and Hendrik Vanmaele",
keywords = "Normal distribution",
keywords = "Repeated integrals",
keywords = "Normal integral",
keywords = "Inventory system",
keywords = "Rational approximation",
keywords = "Loss function "
}




    @article{Shore1982,
     jstor_articletype = {research-article},
     title = {Simple Approximations for the Inverse Cumulative Function, the Density Function and the Loss Integral of the Normal Distribution},
     author = {Shore, Haim},
     journal = {Journal of the Royal Statistical Society. Series C (Applied Statistics)},
     jstor_issuetitle = {},
     volume = {31},
     number = {2},
     jstor_formatteddate = {1982},
     pages = {pp. 108-114},
     ISSN = {00359254},
     language = {English},
     year = {1982},
     publisher = {Wiley for the Royal Statistical Society},
     copyright = {Copyright © 1982 Royal Statistical Society},
    }


@article{Waissi199691bis,
title = "A sigmoid approximation of the standard normal integral ",
journal = "Appl. Math. Comput. ",
volume = "77",
number = "1",
pages = "91 - 95",
year = "1996",
note = "",
issn = "0096-3003",
author = "Gary R. Waissi and Donald F. Rossin"
}

%-------------------------------------------
@BOOK{ander76,
  title = {Agricultural Decision Analysis},
  publisher = {Iowa State University Press},
  year = {1976},
  author = {Jock R. Anderson and J. R. Dillon and J. B. Hardaker},
  address = {Ames, Iowa},
}

@BOOK{Bellman57,
  AUTHOR =       {R. Bellman},
  editor =       {},
  TITLE =        {Dynamic Programming},
  PUBLISHER =    {Princeton {U}niversity {P}ress},
  YEAR =         {1957},
  volume =       {},
  number =       {},
  series =       {},
  address =      {},
  edition =      {},
  month =        {},
  note =         {},
  abstract =     {},
  isbn =         {},
  price =        {},
  keywords =     {},
  source =       {},
}
@BOOK{Birge97,
      AUTHOR = "Birge, J.R. and Louveaux, F.",
      TITLE  = "Introduction to Stochastic Programming",
      PUBLISHER = {Springer},
      ADDRESS = {New York},
      YEAR = 1997 }


@BOOK(HENTO10,
 author = "Eligius M. T. Hendrix and B. G. Toth",
 title = "Introduction to Nonlinear and Global Optimization",
  publisher = "Springer",
 year = "2010",
address = "New York"
)

@BOOK{Howard60,
  AUTHOR =       {R. A. Howard},
  editor =       {},
  TITLE =        {Dynamic Programming and Markov Processes},
  PUBLISHER =    {{MIT} Press, Cambridge University},
  YEAR =         {1960},
  volume =       {},
  number =       {},
  series =       {},
  address =      {},
  edition =      {},
  month =        {},
  note =         {},
  abstract =     {},
  isbn =         {},
  price =        {},
  keywords =     {},
  source =       {},
}

@BOOK(OLIE08,
 author = "Niels J. Olieman",
 title = "Methods for Robustness Programming",
  publisher = "Wageningen University",
 year = "2008",
 address = "Wageningen, http://www.library.wur.nl/wda/dissertations/dis4405.pdf"
)

@BOOK{Puterman94,
  AUTHOR =       {M. L. Puterman},
  editor =       {},
  TITLE =        {Markov decision processes: Discrete Stochastic Dynamic Programming},
  PUBLISHER =    {Wiley Series in Probability and Mathematical Statistics},
  YEAR =         {1994},
  volume =       {},
  number =       {},
  series =       {},
  address =      {},
  edition =      {},
  month =        {},
  note =         {},
  abstract =     {},
  isbn =         {},
  price =        {},
  keywords =     {},
  source =       {},
}

@BOOK{Silver98,
  AUTHOR =       {E. A. Silver and D. F. Pyke and R. Peterson},
  editor =       {},
  TITLE =        {Inventory Management and Production Planning and Scheduling},
  PUBLISHER =    {Wiley},
  YEAR =         {1998},
  volume =       {},
  number =       {},
  series =       {},
  address =      {},
  edition =      {},
  month =        {},
  note =         {},
  abstract =     {},
  isbn =         {},
  price =        {},
  keywords =     {},
  source =       {},
}



@INBOOK{KaraesmenEtal11,
  AUTHOR =       {I. Karaesmen and A. Scheller-Wolf and B. Deniz},
  editor =       {K. Kempf and P. Keskinocak and P. Uzsoy},
  TITLE =        {Planning Production and Inventories in the Extended Enterprise},
  CHAPTER =      {15. Managing Perishable and Aging Inventories: Review and Future Research Directions},
  pages =        {393-436},
  PUBLISHER =    {Springer},
  YEAR =         {2011},
  volume =       {151},
  number =       {},
  series =       {International Series in Operations Research \& Management Science},
  type =         {},
  address =      {},
  edition =      {},
  month =        {},
  note =         {},
  abstract =     {},
  keywords =     {},
}


@INPROCEEDINGS{BlakeEtal03,
  AUTHOR =       {J. T. Blake and S. Thompson and S. Smith and D. Anderson and R. Arellano and D. Bernard},
  TITLE =        {Using dynamic programming to Optimize the Platelet Supply Chain in Nova Scotia},
  BOOKTITLE =    {Proceedings of the 29th Meeting of the European Working Group on Operational Research Applied to Health Services},
  YEAR =         {2003},
  editor =       {M. Dlouh\'{y}. Prague, Czech Republic: ORAHS},
  volume =       {},
  number =       {},
  series =       {},
  pages =        {47-65},
  address =      {},
  month =        {},
  organization = {},
  publisher =    {},
  note =         {},
  abstract =     {},
  keywords =     {},
}

@INPROCEEDINGS(HenLNCS12,
 author = "E.M.T. Hendrix and R. Haijema  and R. Rossi and K. G. J. Pauls-Worm",
 title = "On solving a stochastic programming model for perishable inventory control",
publisher =    {Springer},
 series =       {LNCS},
volume =       {7335},
 booktitle = "Proceedings of ICCSA 2012",
 year = "2012",
 address = "Heidelberg",
 editor = "B. Murgante",
pages =        {47-65},

)

@INPROCEEDINGS{AlMago14,
 author = "A.G. Alcoba and E.M.T. Hendrix and I. Garcia and K.G.J. PaulsWorm and R. Haijema",
 title = "On computing order quantities for perishable inventory control with nonstationary demand",
 booktitle = "Proceedings of MAGO 2014",
pages = {5-8},
 year = "2014",
}


@MASTERSTHESIS{BARD95,
    author = "M. Bardoel",
    year = "1995",
    title = "Ontwerp van een pompsysteem voor de {A}mstelveense {P}oel",
    school = "Wageningen University",
    address = "Wageningen"
}

@MASTERSTHESIS{Zitzler99,
    author = "E. Zitzler",
    year = "1999",
    title = "Evolutionary Algorithms for Multiobjective Optimization:Methods and Applications",
    type = "ISBN 3-8265-6831-1",
    school = "Swiss Federal Institute of Technology (ETH) Zurich",
    address = "Shaker Verlag, Germany"
}




@TECHREPORT(Vlajic08,
  author = "Jelena V. Vlajic and Jack G. A. J. van der Vorst and Eligius M. T. Hendrix",
  title = "Food supply chain network robustness - A literature review and research agenda",
  institution = "Wageningen LDI",
  year = "2008",
  volume = "",
)
